%   ****************************************
%   * File: SAMPLE.BIB                     *
%   ****************************************
%   * An invented bib file                 *
%   * For the sample texts                 *
%   * The order is unimportant and there   *
%   * may be more entries than references  *
%   * in the text                          *
%   ****************************************
% 
@article{wang2018pfc,
  author          = {Jane X. Wang and Zeb Kurth-Nelson and Dharshan Kumaran and Dhruva Tirumala and Hubert Soyer and Joel Z. Leibo and Demis Hassabis and Matthew Botvinick},
  title           = {Prefrontal cortex as a meta-reinforcement learning system},
  journal         = {Nature Neurosci},
  volume          = {21},
  pages           = {860-868},
  year            = {2018}
}

@article{botvinick2019408,
title = {Reinforcement Learning, Fast and Slow},
journal = {Trends in Cognitive Sciences},
volume = {23},
number = {5},
pages = {408-422},
year = {2019},
url = {https://www.sciencedirect.com/science/article/pii/S1364661319300610},
author = {Matthew Botvinick and Sam Ritter and Jane X. Wang and Zeb Kurth-Nelson and Charles Blundell and Demis Hassabis}
}

@article{mazzoni1991,
  author = {Mazzoni P and Andersen RA and Jordan MI},
  title = {A more biologically plausible learning rule for neural networks},
  journal = {Proc Natl Acad Sci U S A},
  volume = {15},
  pages = {4433-7},
  year = {1991}
}

@article{hiratani2022on,
title={On the Stability and Scalability of Node Perturbation Learning},
author={Naoki Hiratani and Yash Mehta and Timothy P Lillicrap and Peter E. Latham},
booktitle={Advances in Neural Information Processing Systems},
editor={Alice H. Oh and Alekh Agarwal and Danielle Belgrave and Kyunghyun Cho},
year={2022},
url={https://openreview.net/forum?id=X0CKM7QV5k}
}
